@article{Card:KLM,
  title={The keystroke-level model for user performance time with interactive systems},
  author={Card, Stuart K and Moran, Thomas P and Newell, Allen},
  journal={Communications of the ACM},
  volume={23},
  number={7},
  pages={396--410},
  year={1980},
  publisher={ACM}
}

@article{Anderson:ACT-R,
  title={ACT-R: A theory of higher level cognition and its relation to visual attention},
  author={Anderson, John R and Matessa, Michael and Lebiere, Christian},
  journal={Human-Computer Interaction},
  volume={12},
  number={4},
  pages={439--462},
  year={1997},
  publisher={L. Erlbaum Associates Inc.}
}

@article{Kieras:NGOMSL,
  title={Towards a practical GOMS model methodology for user interface design},
  author={Kieras, David E},
  journal={Handbook of human-computer interaction},
  number={7},
  pages={135--157},
  year={1988}
}